@misc{ website:html5,
       author = "",
       title = {{HTML5}},
       howpublished = "\url{https://developer.mozilla.org/en-US/docs/Web/Guide/HTML/HTML5}" }

@misc{ website:html,
       author = "",
       title = {{HTML}},
       howpublished = "\url{https://developer.mozilla.org/en-US/docs/Web/HTML}" }

@misc{ website:css3,
       author = "",
       title = {{CSS3}},
       howpublished = "\url{https://developer.mozilla.org/en-US/docs/Web/CSS/CSS3}" }

@misc{ website:css,
       author = "",
       title = {{CSS}},
       howpublished = "\url{https://developer.mozilla.org/en-US/docs/Web/CSS}" }

@misc{ website:transitions,
       author = "",
       title = {{Tranzițiile CSS}},
       howpublished = "\url{https://developer.mozilla.org/en-US/docs/Web/Guide/CSS/Using_CSS_transitions}" }

@misc{ website:animations,
       author = "",
       title = {{Animațiile CSS}},
       howpublished = "\url{https://developer.mozilla.org/en-US/docs/Web/Guide/CSS/Using_CSS_animations}" }

@misc{ website:flash,
       author = "",
       title = {{Flash}},
       howpublished = "\url{https://get.adobe.com/flashplayer}" }

@misc{ website:websockets,
       author = "",
       title = {{WebSockets}},
       howpublished = "\url{https://developer.mozilla.org/en-US/docs/WebSockets}" }

@misc{ website:webrtc,
       author = "",
       title = {{WebRTC}},
       howpublished = "\url{https://developer.mozilla.org/en-US/docs/WebRTC}" }

@misc{ website:webgl,
       author = "",
       title = {{WebGL}},
       howpublished = "\url{https://developer.mozilla.org/en-US/docs/Web/WebGL}" }

@misc{ website:htmlwgmembers,
       author = "",
       title = {{HTML Working Group Members}},
       howpublished = "\url{http://www.w3.org/2000/09/dbwg/details?group=40318&public=1&order=org}" }

@misc{ website:htmlwg,
       author = "",
       title = {{HTML Working Group}},
       howpublished = "\url{http://www.w3.org/html/wg/}" }

@misc{ website:w3c,
       author = "",
       title = {{W3C - World Wide Web Consortium}},
       howpublished = "\url{http://www.w3.org/Consortium/}" }

@misc{ website:mozilla,
       author = "",
       title = {{Mozilla Foundation}},
       howpublished = "\url{http://www.mozilla.org/en-US/foundation/}" }

@misc{ website:microsoft,
       author = "",
       title = {{Microsoft}},
       howpublished = "\url{http://www.microsoft.com/}" }

@misc{ website:googleinc,
       author = "",
       title = {{Google, Inc.}},
       howpublished = "\url{http://www.google.com/about/company/}" }

@misc{ website:baiduinc,
       author = "",
       title = {{Baidu, Inc.}},
       howpublished = "\url{http://ir.baidu.com/phoenix.zhtml?c=188488&p=irol-homeprofile}" }

@misc{ website:appleinc,
       author = "",
       title = {{Apple, Inc.}},
       howpublished = "\url{http://www.apple.com/}" }

@misc{ website:adobeinc,
       author = "",
       title = {{Adobe Systems, Inc.}},
       howpublished = "\url{http://www.adobe.com/}" }

@misc{ website:html5cr,
       author = "",
       title = {{HTML5 W3C Candidate Recommendation}},
       howpublished = "\url{http://www.w3.org/TR/2012/CR-html5-20121217/}" }

@misc{ website:html5-2014-plan,
       author = "",
       title = {{HTML5 2014 Plan}},
       howpublished = "\url{http://dev.w3.org/html5/decision-policy/html5-2014-plan.html}" }

@misc{ website:html5.1-milestones,
       author = "",
       title = {{HTML5.1 Milestones}},
       howpublished = "\url{http://dev.w3.org/html5/decision-policy/html5-2014-plan.html#html5.1-milestones}" }

@misc{ website:html5-support,
       author = "",
       title = {{HTML5 Support}},
       howpublished = "\url{http://en.wikipedia.org/wiki/Comparison_of_layout_engines_%28HTML_5%29}" }
